<?xml version="1.0" encoding="UTF-8"?><collection xmlns="http://www.loc.gov/MARC21/slim"><record><leader>00387nam--2200157-i-4500</leader><controlfield tag="001">000043211</controlfield><controlfield tag="002">20161230</controlfield><controlfield tag="005">20170211160231</controlfield><controlfield tag="008">060222s1000------------r-----000-0-eng-d</controlfield><datafield ind1=" " ind2=" " tag="245"><subfield code="a">Surfaces</subfield></datafield><datafield ind1=" " ind2=" " tag="260"><subfield code="a">New York</subfield><subfield code="b">Plenum Press</subfield><subfield code="c">1976</subfield></datafield><datafield ind1=" " ind2=" " tag="300"><subfield code="a">XII + 491 p</subfield></datafield><datafield ind1=" " ind2=" " tag="490"><subfield code="a">Treatise On Solie Sstate Chemistry</subfield></datafield><datafield ind1=" " ind2=" " tag="700"><subfield code="a">Hannay, N. B</subfield></datafield><datafield ind1=" " ind2=" " tag="852"><subfield code="a">42729</subfield></datafield><datafield ind1=" " ind2=" " tag="CAT"><subfield code="a">SYS</subfield><subfield code="c">20170211</subfield><subfield code="h">160231</subfield></datafield></record></collection>